<?xml version="1.0" encoding="UTF-8"?><collection xmlns="http://www.loc.gov/MARC21/slim"><record><leader>00389nam--2200145-i-4500</leader><controlfield tag="001">000011131</controlfield><controlfield tag="002">20161230</controlfield><controlfield tag="005">20161230201029</controlfield><controlfield tag="008">060222s1000------------r-----000-0-eng-d</controlfield><datafield ind1=" " ind2=" " tag="100"><subfield code="a">Dingle, Rand B</subfield></datafield><datafield ind1=" " ind2=" " tag="245"><subfield code="a">Asymptotic expansions: their derivation and interpretation</subfield></datafield><datafield ind1=" " ind2=" " tag="260"><subfield code="a">London, Academic Press, 1973</subfield></datafield><datafield ind1=" " ind2=" " tag="490"><subfield code="a">Xv+521p</subfield></datafield><datafield ind1=" " ind2=" " tag="852"><subfield code="a">41284</subfield><subfield code="c">517</subfield></datafield><datafield ind1=" " ind2=" " tag="CAT"><subfield code="a">Sys</subfield><subfield code="c">20080702</subfield><subfield code="h">084548</subfield></datafield></record></collection>